% This file was created with JabRef 2.4.1.
% Encoding: Cp1252

@MISC{misc:BIGWebsite,
  author = {{Business Informatics Group}},
  title = {http://www.big.tuwien.ac.at},
  note = {Accessed: 2010-11-09}
}

@BOOK{book:kinsman2002wind,
  title={Wind Waves: Their Generation and Propagation on the Ocean Surface},
  author={Kinsman, B.},
  isbn={9780486495118},
  lccn={83020616},
  series={Dover Phoenix Editions},
  url={http://books.google.at/books?id=RlhZc4HAS5oC},
  year={2002},
  publisher={Dover Publications}
}

@BOOK{book:airy1845tides,
  title={Tides and Waves: Extracted from the Encyclopaedia Metropolitana, Tom. V Pag. 241 - 396},
  author={Airy, G.B.},
  url={http://books.google.at/books?id=41dSAAAAcAAJ},
  year={1845}
}

@BOOK{book:batchelor2000introduction,
  title={An Introduction to Fluid Dynamics},
  author={Batchelor, G.K.},
  isbn={9780521663960},
  lccn={67021953},
  series={Cambridge Mathematical Library},
  url={http://books.google.de/books?id=Rla7OihRvUgC},
  year={2000},
  publisher={Cambridge University Press}
}

@BOOK{book:umlatwork,
  title = {{UML @ Work, Objektorientierte Modellierung mit UML 2}},
  publisher = {dpunkt.verlag},
  year = {2005 (in German)},
  author = {Hitz, M. and Kappel, G. and Kapsammer, E. and Retschitzegger, W.},
  edition = {3.},
  owner = {pl},
  timestamp = {2009.03.01}
}

@article{article:PiersonMoskowitz1964,
    author = {Pierson, Willard J. and Moskowitz, Lionel},
    citeulike-article-id = {5674859},
    journal = {J. Geophys. Res.},
    keywords = {wise-bib-09-08-29},
    month = dec,
    number = {24},
    posted-at = {2009-08-29 17:17:24},
    priority = {0},
    title = {A proposed spectral form for fully developed wind seas based on the 
similarity theory of {S. A. Kitaigorodskii}},
    volume = {69},
    year = {1964}
}

@article{article:Hasselman1973,
    author = {Hasselman, K. and Barnett, T. P. and Bouws, E. and Carlson, D. E. 
and Hasselmann, P.},
    citeulike-article-id = {2710264},
    journal = {Deutsche Hydrographische Zeitschrift},
    number = {12},
    posted-at = {2008-04-23 22:23:04},
    priority = {2},
    title = {Measurements of wind-wave growth and swell decay during the Joint 
North Sea Wave Project (JONSWAP)},
    volume = {8},
    year = {1973}
}

@article{article:Hasselmann1980,
    author = {Hasselmann, D. E. and Dunckel, M. and Ewing, J. A.},
    citeulike-article-id = {5677864},
    journal = {J. Phys. Oceanogr.},
    keywords = {wave-growth-observations},
    pages = {1264--1280},
    posted-at = {2009-08-29 17:29:04},
    priority = {0},
    title = {Directional wave spectra observed during {JONSWAP 1973}},
    volume = {10},
    year = {1980}
}

@ARTICLE{article:Mitsuyasu1975,
   author = {{Mitsuyasu}, H. and {Tasai}, F. and {Suhara}, T. and {Mizuno}, S. 
and 
	{Ohkusu}, M. and {Honda}, T. and {Rikiishi}, K.},
    title = "{Observations of the Directional Spectrum of Ocean Waves Using a 
Cloverleaf Buoy}",
  journal = {Journal of Physical Oceanography},
     year = 1975,
   volume = 5,
    pages = {750},
      doi = {10.1175/1520-0485(1975)005<0750:OOTDSO>2.0.CO;2},
   adsurl = {http://adsabs.harvard.edu/abs/1975JPO.....5..750M},
  adsnote = {Provided by the SAO/NASA Astrophysics Data System}
}

@article{article:munkorigin,
	author = {Walter Munk},
	title = {ORIGIN AND GENERATION OF WAVES},
	journal = {Coastal Engineering Proceedings},
	volume = {1},
	number = {1},
	year = {2010},
	keywords = {wave theory, generation, propagation, linear},
	abstract = {It is no more possible to speak of the origin of ocean waves than it is to speak of the origin of sound waves, or of electromagnetic waves. Different types of waves exist, often simultaneously, and these differ from one another with respect to their origin and generation.},
	issn = {2156-1028},	url = {http://journals.tdl.org/icce/index.php/icce/article/view/904}
}

@INCOLLECTION{incoll:ErhardKonrad1992,
  author = {Schwinger, W. and Koch, N.},
  title = {{Modeling Web Applications}},
  booktitle = {{Web Engineering}},
  publisher = {John Wiley \& Sons, Ltd},
  year = {2006},
  editor = {Kappel, G. and Pr\"{o}ll, B. and Reich, S. and Retschitzegger, W.},
  pages = {39-64}
}

@MASTERSTHESIS{mast:AUMLProfile,
  author = {Langer, P.},
  title = {{Konflikterkennung in der Modellversionierung}},
  school = {Vienna University of Technology},
  year = {2009},
  owner = {pl},
  timestamp = {2009.03.01}
}

@MANUAL{man:BPEL,
  title = {{Business Process Execution Language 2.0 (WS-BPEL 2.0)}},
  author = {OASIS},
  year = {2007},
  owner = {pl},
  timestamp = {2009.03.01}
}

@INPROCEEDINGS{course:simulatingocean,
    author = {Jerry Tessendorf},
    title = {Simulating ocean water},
    booktitle = {SIGGRAPH course notes},
    url = {\myurl{http://graphics.ucsd.edu/courses/rendering/2005/jdewall/tessendorf.pdf}},
    year = {1999},
    publisher = {ACM}
}

@INPROCEEDINGS{proc:TheWebMLApproach,
  author = {Schauerhuber, A. and Wimmer, M. and Schwinger, W. and Kapsammer,
	E. and Retschitzegger, W.},
  title = {{Aspect-Oriented Modeling of Ubiquitous Web Applications: The aspectWebML
	Approach}},
  booktitle = {Proceedings of the 14th Annual IEEE International Conference and
	Workshops on the Engineering of Computer-Based Systems (ECBS '07),
	March 26-29, Tucson, Arizona, USA},
  year = {2007},
  pages = {569--576},
  publisher = {IEEE CS Press}
}

@PHDTHESIS{phdthesis:manuelWimmer,
  author = {Wimmer, M.},
  title = {{From Mining to Mapping and Roundtrip Transformations - A Systematic
	Approach to Model-based Tool Integration}},
  school = {Vienna University of Technology},
  year = {2008}
}

